@misc{ceres-solver,
  author = "Sameer Agarwal and Keir Mierle and Others",
  title = "Ceres Solver",
  howpublished = "\url{http://ceres-solver.org}",
  year = 2012,
}

@book{szeliski,
    author = "Richard Szeliski",
    title = "Computer Vision: Algorithms and Applications, 1st ed.",
    year=2010,
}

@misc{middlebury,
    author = "Unknown",
    title = "Temple dataset",
    howpublished = "\url{http://vision.middlebury.edu/mview/data/}",
    year = 2004,
}

@article{akaze,
    author = "P. Alcantarilla, J. Nuevo and A. Bartoli",
    title = "Fast explicit diffusion for accelerated features in nonlinear scale spaces",
    journal="BMVC",
    year = 2013,
}

@article{threepoint,
    author = "F. Fraundorfer, P. Tanskanen and M. Pollefeys",
    title = "A minimal case solution to the calibrated relative pose problem for the case of two known orientation angles",
    howpublished="ECCV",
    year=2010,
}

@article{vo,
    author="D. Nister, O. Naroditsky and J. Bergen",
    title = "Visual Odometry",
    howpublished = "CVPR",
    year=2004
}

@article{homography,
    author = "O. D.Faugeras and F. Lustman",
    title="Motion and structure from motion in a piecewise planar environment",
    howpublished="IJPRAI",
    year=1988
}

@article{semidense,
    author="T. Schops, J. Engel and D. Cremers",
    title="Semi-Dense visual odometry for AR on a smartphone",
    year=2011,
}

@article{tumsensor,
    author="P. Tiefenbacher, T. Schulze and G. Rigoll",
    title="Off-the-shelf sensor integration for mono-SLAM on Smart Devices",
    journal="CVPR",
    year=2015
}
 
@article{opencv,
    author = {Bradski, G.},
    citeulike-article-id = {2236121},
    journal = {Dr. Dobb's Journal of Software Tools},
    keywords = {bibtex-import},
    posted-at = {2008-01-15 19:21:54},
    priority = {4},
    title = ,
    year = {2000}
}
